@Comment Description: bibliography
@Comment Copyright (C) 2012 Minh Van Nguyen <mvngu.name at gmail.com>

@article{,
  author  = {},
  title   = {},
  journal = {},
  year    = {},
  volume  = {},
  pages   = {},
  doi     = {},
}

@book{,
  author    = {},
  editor    = {},
  title     = {},
  edition   = {},
  publisher = {},
  year      = {},
  doi       = {},
}

@inbook{,
  author    = {},
  chapter   = {},
  editor    = {},
  title     = {},
  edition   = {},
  pages     = {},
  publisher = {},
  year      = {},
  doi       = {},
}

@inproceedings{,
  author    = {},
  title     = {},
  year      = {},
  pages     = {},
  note      = {},
  crossref  = {},
  doi       = {},
}
@proceedings{,
  editor    = {},
  title     = {},
  booktitle = {},
  publisher = {},
  year      = {},
}

@misc{,
  author = {},
  title  = {},
  month  = {},
  year   = {},
  note   = {},
  doi    = {},
}

@techreport{,
  author      = {},
  title       = {},
  institution = {},
  year        = {},
  month       = {},
  doi         = {},
}

@phdthesis{,
  author  = {},
  title   = {},
  school  = {},
  address = {},
  year    = {},
  note    = {},
  doi     = {},
}

@article{AhnEtAl2010,
  author  = {Yong-Yeol Ahn and James P. Bagrow and Sune Lehmann},
  title   = {Link communities reveal multiscale complexity in networks},
  journal = {Nature},
  year    = {2010},
  volume  = {466},
  pages   = {761--764},
}

@article{BarabasiAlbert1999,
  author  = {Albert-L\'aszl\'o Barab\'asi and R\'eka Albert},
  title   = {Emergence of Scaling in Random Networks},
  journal = {Science},
  year    = {1999},
  volume  = {286},
  pages   = {509--512},
}

@article{BarratWeigt2000,
  author  = {A. Barrat and M. Weigt},
  title   = {On the properties of small-world network models},
  journal = {Eur. Phys. J. B},
  year    = {2000},
  volume  = {13},
  pages   = {547--560},
}

@article{ErdosRenyi1959,
  author  = {P. Erd\H{o}s and A. R\'enyi},
  title   = {On Random Graphs},
  journal = {Pub. Math.},
  year    = {1959},
  volume  = {6},
  pages   = {290--297},
}

@article{ErdosRenyi1960,
  author  = {P. Erd\H{o}s and A. R\'enyi},
  title   = {On the Evolution of Random Graphs},
  journal = {Magyar Tud. Akad. Mat. Kutat\'o Int. K\"ozl.},
  year    = {1960},
  volume  = {5},
  pages   = {17--61},
}

@article{EvansLambiotte2009,
  author  = {T. S. Evans and R. Lambiotte},
  title   = {Line graphs, link partitions, and overlapping communities},
  journal = {Phys. Rev. E},
  year    = {2009},
  volume  = {80},
  pages   = {016105},
}

@article{LeskovecEtAl2007,
  author  = {Jure Leskovec and Jon M. Kleinberg and Christos Faloutsos},
  title   = {Graph evolution: Densification and shrinking diameters},
  journal = {ACM Trans. Knowl. Disc. Data},
  year    = {2007},
  volume  = {1},
  pages   = {2},
}

@article{MiloEtAl2002,
  author  = {R. Milo and S. Shen-Orr and S. Itzkovitz and N. Kashtan and
             D. Chklovskii and U. Alon},
  title   = {Network Motifs: Simple Building Blocks of Complex Networks},
  journal = {Science},
  year    = {2002},
  volume  = {298},
  pages   = {824--827},
}

@article{Newman2001b,
  author  = {M. E. J. Newman},
  title   = {The structure of scientific collaboration networks},
  journal = {PNAS},
  year    = {2001},
  volume  = {98},
  pages   = {404--409},
}

@article{Newman2003a,
  author  = {M. E. J. Newman},
  title   = {Mixing patterns in networks},
  journal = {Phys. Rev. E},
  year    = {2003},
  volume  = {67},
  pages   = {026126},
  doi     = {10.1103/PhysRevE.67.026126},
}

@article{NewmanGirvan2004,
  author  = {M. E. J. Newman and M. Girvan},
  title   = {Finding and evaluating community structure in networks},
  journal = {Phys. Rev. E},
  year    = {2004},
  volume  = {69},
  pages   = {026113},
  doi     = {10.1103/PhysRevE.69.026113},
}

@article{WattsStrogatz1998,
  author  = {Duncan J. Watts and Steven H. Strogatz},
  title   = {Collective Dynamics of `Small-World' Networks},
  journal = {Nature},
  year    = {1998},
  volume  = {393},
  pages   = {440--442},
}

@article{WhiteEtAl1986,
  author  = {J. G. White and E. Southgate and J. N. Thompson and S. Brenner},
  title   = {The Structure of the Nervous System of the Nematode
             {C}aenorhabditis elegans},
  journal = {Phil. Trans. R. Soc. Lond. B},
  year    = {1986},
  volume  = {314},
  pages   = {1--340},
}

@article{Zachary1977,
  author  = {Wayne W. Zachary},
  title   = {An Information Flow Model for Conflict and Fission in
             Small Groups},
  journal = {J. Anthrop. Res.},
  year    = {1977},
  volume  = {33},
  pages   = {452--473},
}
